<record><leader>00000cas a22000007a 4500</leader><controlfield tag="001">13241120</controlfield><controlfield tag="008">860305c18999999wvuwr ne      0    0eng d</controlfield><datafield ind1=" " ind2=" " tag="010"><subfield code="a">sn 86092309 </subfield></datafield><datafield ind1=" " ind2=" " tag="040"><subfield code="a">WVC</subfield><subfield code="b">eng</subfield><subfield code="c">WVC</subfield><subfield code="d">OCL</subfield><subfield code="d">OCLCQ</subfield></datafield><datafield ind1=" " ind2=" " tag="042"><subfield code="a">msc</subfield></datafield><datafield ind1="0" ind2=" " tag="130"><subfield code="a">Leader (Hinton, W. Va. : Weekly)</subfield></datafield><datafield ind1="1" ind2="4" tag="245"><subfield code="a">The leader.</subfield></datafield><datafield ind1="1" ind2="3" tag="246"><subfield code="a">Hinton leader</subfield></datafield><datafield ind1=" " ind2=" " tag="260"><subfield code="a">Hinton, W. Va. :</subfield><subfield code="b">L.P. Graham</subfield></datafield><datafield ind1=" " ind2=" " tag="300"><subfield code="a">v.</subfield></datafield><datafield ind1=" " ind2=" " tag="310"><subfield code="a">Weekly</subfield></datafield><datafield ind1="1" ind2=" " tag="362"><subfield code="a">Began in 1899?</subfield><subfield code="z">Cf. Miller, J.H. History of Summers Co., W. Va.</subfield></datafield><datafield ind1=" " ind2=" " tag="588"><subfield code="a">Description based on: Vol. 5, no. 42 (June 9, 1899).</subfield></datafield><datafield ind1=" " ind2=" " tag="752"><subfield code="a">United States</subfield><subfield code="b">West Virginia</subfield><subfield code="c">Summers</subfield><subfield code="d">Hinton.</subfield></datafield><datafield ind1="0" ind2=" " tag="775"><subfield code="t">Leader (Hinton, W. Va. : Daily)</subfield><subfield code="w">(DLC)sn 86092308</subfield></datafield><datafield ind1="0" ind2="0" tag="780"><subfield code="t">Hinton republican</subfield><subfield code="w">(DLC)sn 86092303</subfield></datafield></record>